@comment{
techreport{nxxxx
  author={},
  title={{}},
  institution={ISO/IEC JTC1/SC22/WG21},
  type={Working paper},
  number={NXXXX},
  month=mmm,
  year=YYYY,
}
}

@techreport{Ada2012,
  author={ISO/IEC JTC1/SC22},
  title={{Information technology -- Programming languages -- Ada}},
  type={International Standard},
  number={ISO/IEC 8652:2012},
  institution={ISO},
  year=2012,
}

@techreport{hoare:1973,
 author = {Hoare, C. A. R.},
 title = {Hints on Programming Language Design.},
 year = {1973},
 publisher = {Stanford University},
 address = {Stanford, CA, USA},
} 

@techreport{iso-eiffel,
  author={ISO/IEC JTC1/SC22},
  title={{Information technology -- Eiffel: Analysis, Design and Programming Language}},
  type={International Standard},
  institution={ISO},
  number={ISO/IEC 25436:2006},
  month=dec,
  year=2006,
}

@techreport{ecma-eiffel,
  author={ECMA},
  title={{Eiffel: Analysis, Design and Programming Language}},
  type={ECMA Standard},
  institution={ECMA},
  number={ECMA-367},
  month=jun,
  year=2006,
}
@techreport{n1613,
  author={Throsten Ottosen},
  title={{Proposal to add Design by Contract to C++}},
  institution={ISO/IEC JTC1/SC22/WG21},
  type={Working paper},
  number={N1613},
  month=mar,
  year=2004,
}

@techreport{n1773,
  author={Dave Abrahams and Lawrence Crowl and Throsten Ottosen and James Widman},
  title={{Proposal to add Contract Programming to C++ (revision 2)}},
  institution={ISO/IEC JTC1/SC22/WG21},
  type={Working paper},
  number={N1773},
  month=mar,
  year=2005,
}

@techreport{n1866,
  author={Lawrence Crowl and Throsten Ottosen},
  title={{Proposal to add Contract Programming to C++ (revision 3)}},
  institution={ISO/IEC JTC1/SC22/WG21},
  type={Working paper},
  number={N1866},
  month=may,
  year=2005,
}

@techreport{n3248,
  author={Alisdair Meredith and John Lakos},
  title={{\texttt{noexcept} prevents library validation}},
  institution={ISO/IEC JTC1/SC22/WG21},
  type={Working paper},
  number={N3248},
  month=feb,
  year=2011,
}

@techreport{n3279,
  author={Alisdair Meredith and John Lakos},
  title={{Conservative use of \texttt{noexcept} in the Library}},
  institution={ISO/IEC JTC1/SC22/WG21},
  type={Working paper},
  number={N3279},
  month=mar,
  year=2011,
}

@techreport{n3997,
  author={John Lakos and Alexei Zakharov and Alexander Beels},
  title={{Centralized Defensive-Programming Support for Narrow Contracts (revision 5)}},
  institution={ISO/IEC JTC1/SC22/WG21},
  type={Working paper},
  number={N3997},
  month=may,
  year=2014,
}

@techreport{n4415,
  author={Gabriel Dos~Reis and J. Daniel Garcia and Francesco Logozzo and manuel Fahdrich and Shuvendu Lahri},
  title={{Simple Contracts for C++}},
  institution={ISO/IEC JTC1/SC22/WG21},
  type={Working paper},
  number={N4415},
  month=may,
  year=2015,
}

@techreport{p0132,
  author={Ville Voutilainen},
  title={{Non-throwing container operations}},
  institution={ISO/IEC JTC1/SC22/WG21},
  type={Working paper},
  number={p0132r1},
  month=may,
  year=2018,
}

@techreport{p0380r0,
  author={Gabriel dos Reis and J.~Daniel Garcia and John Lakos and Alisdair Meredith and Nathan Myers and Bjarne Stroustrup},
  title={{A Contract Design}},
  institution={ISO/IEC JTC1/SC22/WG21},
  type={Working paper},
  number={p0380r0},
  month=may,
  year=2016,
}

@techreport{p0542r5,
  author={Gabriel dos Reis and J.~Daniel Garcia and John Lakos and Alisdair Meredith and Nathan Myers and Bjarne Stroustrup},
  title={{Support for contract based programming in C++}},
  institution={ISO/IEC JTC1/SC22/WG21},
  type={Working paper},
  number={p0542r5},
  month=jun,
  year=2018,
}

@techreport{p1290r2,
  author={J.~Daniel Garcia and Ville Voutilainen},
  title={{Avoiding undefined behavior in contracts}},
  institution={ISO/IEC JTC1/SC22/WG21},
  type={Working paper},
  number={p1290r2},
  month=feb,
  year=2019,
}

@techreport{p1290r1,
  author={J.~Daniel Garcia and Ville Voutilainen},
  title={{Avoiding undefined behavior in contracts}},
  institution={ISO/IEC JTC1/SC22/WG21},
  type={Working paper},
  number={p1290r1},
  month=jan,
  year=2019,
}

@techreport{p1290r0,
  author={J.~Daniel Garcia},
  title={{Avoiding undefined behavior in contracts}},
  institution={ISO/IEC JTC1/SC22/WG21},
  type={Working paper},
  number={p1290r0},
  month=nov,
  year=2018,
}

@techreport{p1321r0,
  author={Ville Voutilainen},
  title={{UB in contract violations}},
  institution={ISO/IEC JTC1/SC22/WG21},
  type={Working paper},
  number={p1321r0},
  month=oct,
  year=2018,
}

@techreport{p1332r0,
  author={Joshua Berne and Nathan Burgers and Hyman Rosen and John Lakos},
  title={Cotract Checking in C++: A (long-term) Road Map},
  institution={ISO/IEC JTC1/SC22/WG21},
  type={Working paper},
  number={p1332r0},
  month=nov,
  year=2018,
}

@techreport{p1429r0,
  author={Joshua Berne and John Lakos},
  title={Contracts that work},
  institution={ISO/IEC JTC1/SC22/WG21},
  type={Working paper},
  number={p1429r0},
  month=jan,
  year=2019,
}

@techreport{p1421r0,
  author={Andrzej Krzemienski},
  title={{Assigning semantics to different Contract Checking Statements}},
  institution={ISO/IEC JTC1/SC22/WG21},
  type={Working paper},
  number={p1421r0},
  month=jan,
  year=2019,
}

